@article {fasta,
author = {Lipman, DJ and Pearson, WR},
title = {Rapid and sensitive protein similarity searches},
volume = {227},
number = {4693},
pages = {1435--1441},
year = {1985},
doi = {10.1126/science.2983426},
publisher = {American Association for the Advancement of Science},
issn = {0036-8075},
URL = {https://science.sciencemag.org/content/227/4693/1435},
eprint = {https://science.sciencemag.org/content/227/4693/1435.full.pdf},
journal = {Science}
}

@inproceedings{dbscan,
author = {Ester, Martin and Kriegel, Hans-Peter and Sander, J\"{o}rg and Xu, Xiaowei},
title = {A Density-Based Algorithm for Discovering Clusters in Large Spatial Databases with Noise},
year = {1996},
publisher = {AAAI Press},
booktitle = {Proceedings of the Second International Conference on Knowledge Discovery and Data Mining},
pages = {226–231},
numpages = {6},
keywords = {efficiency on large spatial databases, arbitrary shape of clusters, handling nlj4-275oise, clustering algorithms},
location = {Portland, Oregon},
series = {KDD'96}
}

@article{silhouette,
title = "Silhouettes: A graphical aid to the interpretation and validation of cluster analysis",
journal = "Journal of Computational and Applied Mathematics",
volume = "20",
pages = "53 - 65",
year = "1987",
issn = "0377-0427",
doi = "https://doi.org/10.1016/0377-0427(87)90125-7",
url = "http://www.sciencedirect.com/science/article/pii/0377042787901257",
author = "Peter J. Rousseeuw",
keywords = "Graphical display, cluster analysis, clustering validity, classification"
}


@article{kahan,
author = {Kahan, W.},
title = {Pracniques: Further Remarks on Reducing Truncation Errors},
year = {1965},
issue_date = {Jan. 1965},
publisher = {Association for Computing Machinery},
address = {New York, NY, USA},
volume = {8},
number = {1},
issn = {0001-0782},
url = {https://doi.org/10.1145/363707.363723},
doi = {10.1145/363707.363723},
journal = {Commun. ACM},
month = jan,
pages = {40},
numpages = {2}
}

@inproceedings{lapack,
author = {Anderson, E. and Bai, Z. and Dongarra, J. and Greenbaum, A. and McKenney, A. and Du Croz, J. and Hammarling, S. and Demmel, J. and Bischof, C. and Sorensen, D.},
title = {LAPACK: A Portable Linear Algebra Library for High-Performance Computers},
year = {1990},
isbn = {0897914120},
publisher = {IEEE Computer Society Press},
address = {Washington, DC, USA},
booktitle = {Proceedings of the 1990 ACM/IEEE Conference on Supercomputing},
pages = {2–11},
numpages = {10},
location = {New York, New York, USA},
series = {Supercomputing '90}
}

@Article{emboss,
author="Rice, Peter
and Longden, Ian
and Bleasby, Alan",
title="EMBOSS: The European Molecular Biology Open Software Suite",
journal="Trends in Genetics",
year="2000",
month="Jun",
day="01",
publisher="Elsevier",
volume="16",
number="6",
pages="276--277",
issn="0168-9525",
doi="10.1016/S0168-9525(00)02024-2",
url="https://doi.org/10.1016/S0168-9525(00)02024-2"
}

@Misc{gnuplot ,                    
author={Thomas Williams and Colin Kelley },                
title={ Gnuplot 5.2: an interactive plotting program },                    
month={ April },                    
year={ 2017 },                    
howpublished={ \url{http://gnuplot.info/} },
url="http://gnuplot.info"
}

@Article{lauriane,
author="Cacheux, Lauriane
and Ponger, Lo{\"i}c
and Gerbault-Seureau, Mich{\`e}le
and Richard, Florence Anne
and Escud{\'e}, Christophe",
title="Diversity and distribution of alpha satellite DNA in the genome of an Old World monkey: Cercopithecus solatus",
journal="BMC Genomics",
year="2016",
month="Nov",
day="14",
volume="17",
number="1",
pages="916",
issn="1471-2164",
doi="10.1186/s12864-016-3246-5",
url="https://doi.org/10.1186/s12864-016-3246-5"
}

@Misc{newick ,                    
author={Gary Olsen },                
title={Interpretation of the ''Newick's 8:45'' Tree Format Standard },
month={ August },                    
year={ 1990 },                    
howpublished={ \url{https://evolution.genetics.washington.edu/phylip/newick_doc.html} }
}

@article{newick_tools,
    author = {Junier, Thomas and Zdobnov, Evgeny M.},
    title = "{The Newick utilities: high-throughput phylogenetic tree processing in the Unix shell}",
    journal = {Bioinformatics},
    volume = {26},
    number = {13},
    pages = {1669-1670},
    year = {2010},
    month = {05},
    issn = {1367-4803},
    doi = {10.1093/bioinformatics/btq243},
    url = {https://doi.org/10.1093/bioinformatics/btq243},
    eprint = {https://academic.oup.com/bioinformatics/article-pdf/26/13/1669/512992/btq243.pdf},
}

@misc{bash,
  title={Free Software Foundation. Bash (3.2. 48)[Unix shell program]},
  author={GNU, P},
  year={2007}
}

@Manual{blender,
   title = {Blender - a 3D modelling and rendering package},
   author = {Blender Online Community},
   organization = {Blender Foundation},
   address = {Stichting Blender Foundation, Amsterdam},
   year = {2020},
   url = {http://www.blender.org},
}

@misc{gimp,
  author = {{The GIMP Development Team}},
  title = {GIMP},
  url = {https://www.gimp.org},
  version = {2.10.12},
  date = {2019-06-12},
}

@article{swarm2,
author = {F. Mah\'{e} and T. Rognes and C. Quince and C. de Vargas and M. Dunthorn},
year = {2015},
title = {Swarm v2: highly-scalable and high-resolution amplicon clustering},
journal = {PeerJ},
volume = {3},
pages = {e1420},
doi = {10.7717/peerj.1420}
}
